@article{alexander1992simple,
  title={Simple models of Walking and Jumping},
  author={Alexander, R. McNeill},
  journal={Human Movement Science},
  volume={11},
  number={1},
  pages={3-9},
  year={1992},
  publisher={Elsevier}
}

@article{meijering2012methods,
	title={Methods for cell and particle tracking},
	author={Meijering, Erik and Dzyubachyk, Oleh and Smal, Ihor and others},
	journal={Methods Enzymol},
	volume={504},
	number={9},
	pages={183--200},
	year={2012}
}

@book{perry1992gait,
	title={Gait analysis: normal and pathological function},
	author={Perry, Jacquelin and Burnfield, Judith M.},
	year={1992},
	publisher={Slack Thorofare, NJ}
}

@article{wren2011efficacy,
	title={Efficacy of clinical gait analysis: a systematic review},
	author={Wren, Tishya AL and Gorton, George E and Ounpuu, Sylvia and Tucker, Carole A},
	journal={Gait \& posture},
	volume={34},
	number={2},
	pages={149--153},
	year={2011},
	publisher={Elsevier}
}
